@ARTICLE{acemoglu2007,
author={D. Acemoglu and R. Johari and A. Ozdaglar},
journal={IEEE Journal on Selected Areas in Communications},
publisher = {Institute of Electrical and Electronics Engineers ({IEEE})},
title={Partially Optimal Routing},
year={2007},
volume={25},
number={6},
pages={1148-1160},
keywords={Internet;telecommunication network routing;telecommunication traffic;Internet;affine latency functions;interconnected administrative domains;partially optimal routing;selfish routing;service providers;source routing;traffic engineering;worst-case loss of efficiency},
doi={10.1109/JSAC.2007.070809},
url={https://doi.org/10.1109/jsac.2007.070809},
ISSN={0733-8716},
month={Aug},
}