@article{acemoglu2007-2,
 author = {Daron Acemoglu and Asuman Ozdaglar},
 title = {Competition and Efficiency in Congested Markets},
 journal = {Mathematics of Operations Research},
 volume = {32},
 number = {1},
 month = feb,
 year = {2007},
 issn = {0364-765X},
 pages = {1--31},
 numpages = {31},
 url = {http://dx.doi.org/10.1287/moor.1060.0231},
 doi = {10.1287/moor.1060.0231},
 acmid = {1235301},
 publisher = {Institute for Operations Research and the Management Sciences ({INFORMS})},
 address = {Institute for Operations Research and the Management Sciences (INFORMS), Linthicum, Maryland, USA},
 keywords = {Wardrop equilibrium, competition, congestion externalities, efficiency, oligopoly equilibrium, price of anarchy, pricing, social optimum},
} 

