@article{braess1968,
  doi = {10.1007/bf01918335},
  url = {https://doi.org/10.1007/bf01918335},
  year  = {1968},
  month = {Dec},
  publisher = {Springer Nature},
  volume = {12},
  number = {1},
  pages = {258--268},
  author = {D. Braess},
  title = {\"{U}ber ein Paradoxon aus der Verkehrsplanung},
  journal = {Unternehmensforschung Operations Research - Recherche Op{\'{e}}rationnelle}
}