@article {haurie1985,
author = {Haurie, A. and Marcotte, P.},
title = {On the Relationship between Nash{\textemdash}Cournot and Wardrop Equilibria},
journal = {Networks},
volume = {15},
number = {3},
publisher = {Wiley-Blackwell},
issn = {1097-0037},
url = {http://dx.doi.org/10.1002/net.3230150303},
doi = {10.1002/net.3230150303},
pages = {295--308},
year = {1985},
}

