@book{menache2011network,
  doi = {10.2200/s00330ed1v01y201101cnt009},
  url = {https://doi.org/10.2200/s00330ed1v01y201101cnt009},
  year  = 2011,
  month = {mar},
  publisher = {Morgan {\&} Claypool Publishers {LLC}},
  author = {Ishai Menache and Asuman Ozdaglar},
  title = {Network Games: Theory,  Models,  and Dynamics},
  journal = {Synthesis Lectures on Communication Networks},
  ISBN = {978-1608454088}
}