@article{roughgarden2002,
 author = {Tim Roughgarden and \'{E}va Tardos},
 title = {How Bad is Selfish Routing?},
 journal = {Journal of the {ACM}},
 issue_date = {March 2002},
 volume = 49,
 number = 2,
 month = mar,
 year = 2002,
 issn = {0004-5411},
 pages = {236--259},
 numpages = 24,
 url = {http://doi.acm.org/10.1145/506147.506153},
 doi = {10.1145/506147.506153},
 acmid = 506153,
 publisher = {Association for Computing Machinery ({ACM})},
 address = {New York, NY, USA},
 keywords = {Braess's Paradox, Nash equilibria, network flow, selfish routing},
}
