@article{wardrop1952,
  doi = {10.1680/ipeds.1952.11259},
  url = {https://doi.org/10.1680/ipeds.1952.11259},
  year  = 1952,
  month = {may},
  publisher = {Thomas Telford Ltd.},
  volume = 1,
  number = 3,
  pages = {325--362},
  author = {J.G. Wardrop},
  title = {Road Paper No. 36: {Some} {Theoretical} {Aspects} {of} {Road} {Traffic} {Research}.},
  journal = {Proceedings of the Institution of Civil Engineers}
}